<?xml version="1.0" encoding="UTF-8"?><collection xmlns="http://www.loc.gov/MARC21/slim"><record><leader>00667nam--2200169-u-4500</leader><controlfield tag="001">000054330</controlfield><controlfield tag="002">20161230</controlfield><controlfield tag="005">20161230201051</controlfield><controlfield tag="008">111116s1000------------r-----000-0-eng-d</controlfield><datafield ind1=" " ind2=" " tag="040"><subfield code="a">IFIN-HH</subfield></datafield><datafield ind1=" " ind2=" " tag="080"><subfield code="a">539.12</subfield></datafield><datafield ind1="1" ind2=" " tag="100"><subfield code="a">Zichichi, A</subfield></datafield><datafield ind1="1" ind2="0" tag="245"><subfield code="a">Hadrons and theirs interactions. current and field algebra, soft pions, supermultiplets, and related topics</subfield><subfield code="b">1967 international school of physics ettore majorana a mpi-nato advanced study institute sponsored by cern and the weitzmann institute of science, erice july 1-14</subfield><subfield code="c">A. zichichi (ed.)</subfield></datafield><datafield ind1=" " ind2=" " tag="260"><subfield code="a">New York</subfield><subfield code="b">Academic Press</subfield><subfield code="c">1968</subfield></datafield><datafield ind1=" " ind2=" " tag="300"><subfield code="a">718P</subfield></datafield><datafield ind1=" " ind2=" " tag="852"><subfield code="a">29858</subfield><subfield code="c">539.12</subfield></datafield><datafield ind1=" " ind2=" " tag="CAT"><subfield code="a">Sys</subfield><subfield code="c">20111116</subfield><subfield code="h">163214</subfield></datafield></record></collection>